@Misc{Wiki:ARP,
	author = "Wikipedia",
	title = "Address Resolution Protocol",
	howpublished = "online",
	revised = "last change on 25 March 2017, at 01:08",
	cited = "!2017-05-23",
	url = "https://en.wikipedia.org/wiki/Address_Resolution_Protocol",
}

@techreport{RFC0826,
	author = {David C. Plummer},
	title = {Ethernet Address Resolution Protocol: Or converting network protocol addresses to 48.bit Ethernet address for transmission on Ethernet hardware},
	howpublished = {Internet Requests for Comments},
	type = {STD},
	number = {37},
	year = {1982},
	month = {November},
	issn = {2070-1721},
	publisher = {RFC Editor},
	institution = {RFC Editor},
	url = {http://www.rfc-editor.org/rfc/rfc826.txt}
}


@techreport{RFC0792,
	author = {J. Postel},
	title = {Internet Control Message Protocol},
	howpublished = {Internet Requests for Comments},
	type = {STD},
	number = {5},
	year = {1981},
	month = {September},
	issn = {2070-1721},
	publisher = {RFC Editor},
	institution = {RFC Editor},
	url = {http://www.rfc-editor.org/rfc/rfc792.txt}
}

@Misc{microsoft:arp_cache,
	author = "Microsoft Corporation",
	title = "ARP Cache",
	url = "https://technet.microsoft.com/en-us/library/cc958841(en-us).aspx",
	howpublished = "online",
	cited = "!2017-05-23",
}

@Misc{microsoft:arp_process,
	author = "Microsoft Corporation",
	title = "ARP Process",
	url = "https://technet.microsoft.com/en-us/library/cc940010.aspx",
	howpublished = "online",
	cited = "!2017-05-23",
}

@misc{ wiki:icmp,
	author = "Wikipedia",
	title = "Internet Control Message Protocol",
	year = "2017",
	url = "https://en.wikipedia.org/w/index.php?title=Internet_Control_Message_Protocol&oldid=806527478",
	cited = "!2017-05-23",
}

@misc{ wiki:ping,
	author = "Wikipedia",
	title = "Ping (networking utility)",
	year = "2017",
	url = "https://en.wikipedia.org/w/index.php?title=Ping_(networking_utility)&oldid=808059424",
	note = "[Online; accessed 2-November-2017]"
}

@misc { man7:icmp,
	author = "man-pages project",
	title = "ICMP(7)",
	howpublished = "online",
	url = "http://man7.org/linux/man-pages/man7/icmp.7.html",
	revised = "2015-04-19",
	cited = "!2017-11-02"
}